<record><header><identifier>oai:cds.cern.ch:240185</identifier><datestamp>2015-06-03T17:38:19Z</datestamp><setSpec>cerncds:CONF</setSpec></header><metadata><marc:record xmlns:marc="http://www.loc.gov/MARC21/slim" xmlns:xsi="http://www.w3.org/2001/XMLSchema-instance" xsi:schemaLocation="http://www.loc.gov/MARC21/slim http://www.loc.gov/standards/marcxml/schema/MARC21slim.xsd" type="Bibliographic">
     <marc:leader>00000coc  2200000uu 4500</marc:leader>
  <marc:controlfield tag="001">240185</marc:controlfield>
  <marc:controlfield tag="003">SzGeCERN</marc:controlfield>
  <marc:controlfield tag="005">20150603193819.0</marc:controlfield>
  <marc:datafield tag="020" ind1=" " ind2=" ">
    <marc:subfield code="a">9783034872713</marc:subfield>
    <marc:subfield code="u">electronic version</marc:subfield>
  </marc:datafield>
  <marc:datafield tag="020" ind1=" " ind2=" ">
    <marc:subfield code="a">9783034872737</marc:subfield>
    <marc:subfield code="u">print version</marc:subfield>
  </marc:datafield>
  <marc:datafield tag="024" ind1="8" ind2=" ">
    <marc:subfield code="a">oai:cds.cern.ch:240185</marc:subfield>
    <marc:subfield code="p">cerncds:CONF</marc:subfield>
    <marc:subfield code="q">cerncds:TALK</marc:subfield>
  </marc:datafield>
  <marc:datafield tag="024" ind1="7" ind2=" ">
    <marc:subfield code="2">DOI</marc:subfield>
    <marc:subfield code="a">10.1007/978-3-0348-7271-3</marc:subfield>
    <marc:subfield code="q">e-proceedings</marc:subfield>
  </marc:datafield>
  <marc:datafield tag="035" ind1=" " ind2=" ">
    <marc:subfield code="a">0155707CERCER</marc:subfield>
  </marc:datafield>
  <marc:datafield tag="035" ind1=" " ind2=" ">
    <marc:subfield code="9">INSPIRE-CNUM</marc:subfield>
    <marc:subfield code="a">C92-04-05</marc:subfield>
  </marc:datafield>
  <marc:datafield tag="041" ind1=" " ind2=" ">
    <marc:subfield code="a">eng</marc:subfield>
  </marc:datafield>
  <marc:datafield tag="111" ind1=" " ind2=" ">
    <marc:subfield code="9">19920405</marc:subfield>
    <marc:subfield code="a">Workshop on Muonic Atoms and Molecules</marc:subfield>
    <marc:subfield code="c">Ascona, Switzerland</marc:subfield>
    <marc:subfield code="d">5 - 9 Apr 1992</marc:subfield>
    <marc:subfield code="f">1992</marc:subfield>
    <marc:subfield code="g">ascona920405</marc:subfield>
    <marc:subfield code="w">CH</marc:subfield>
    <marc:subfield code="z">19920409</marc:subfield>
  </marc:datafield>
  <marc:datafield tag="260" ind1=" " ind2=" ">
    <marc:subfield code="a">Basel</marc:subfield>
    <marc:subfield code="b">Springer</marc:subfield>
    <marc:subfield code="c">1993</marc:subfield>
  </marc:datafield>
  <marc:datafield tag="340" ind1=" " ind2=" ">
    <marc:subfield code="a">ebook</marc:subfield>
  </marc:datafield>
  <marc:datafield tag="490" ind1=" " ind2=" ">
    <marc:subfield code="a">Monte Verità Proceedings of the Centro Stefano Franscini Ascona</marc:subfield>
  </marc:datafield>
  <marc:datafield tag="505" ind1="0" ind2=" ">
    <marc:subfield code="a">1. Nuclear Muon Capture, Fusion and Fission -- Nuclear Muon Capture -- Radiative Muon Capture on Hydrogen and the Induced Pseudoscalar Coupling -- Muonic Atom Formation, Muon   Transfer and Nuclear Fusion in D2+3He Mixture -- Recent Facets of Nuclear Fission Dynamics and Properties of Heavy Muonic Atoms -- 2. Muonic Atoms Spectroscopy -- Laser Spectroscopy of Muonic   Hydrogen -- Laser Induced 3D?3P and 4S?4P Transition in Muonic Hydrogen -- Muonium Spectroscopy -- Relativistic Corrections to Particle Overlap in Atoms and Muon Capture in Hydrogen -- Muonic Atoms:   Charge Radii and Nuclear Polarization -- Nuclear Polarization in Muonic Atoms -- 3. Muon Catalyzed Fusion and Cascade -- Muon Catalyzed Fusion and Basic Reactions in Deuterium and Hydrogen -- ?-  Capture in the Mesic Molecule pp? -- Monte-Carlo Modeling of Ephitermal Effects in Muon-Catalyzed dt Fusion -- Direct Measurement of Sticking in Muon Catalyzed DT Fusion and Physics of “Hot” ?t Atoms   -- The Exotic-Atom Cascade -- 4. Muon Transfer -- Muon Transfer Processes. Old and New Problems -- Muon Transfer with a New High Pressure Gastarget -- On the Time Spectra of Muonic X-Rays in H2+SO2   -- Muon Transfer from Excited Muonic Hydrogen to Helium Nuclei -- Muon Transfer to Elements with Z>1 -- 5. Hot Muonic Atoms -- Kinetic Energies at the Formation and Cascade of ?p-Atoms -- Slowing   Down of Negative Muons in Gaseous H2 and Determination of the Stopping Power -- Diffusion of Muonic Deuterium and Hydrogen Atoms -- Hot Muonic Deuterium and Tritium from Cold Targets -- Detection of   Hot Muonic Hydrogen Atoms Emitted in Vacuum Using X-Rays -- Kinetics of Muon Catalyzed Fusion in H/D/T Mixtures -- 6. Accelerator Plans and New Experimental Methods -- Future Plans at TRIUMF --   Future Plans at PSI -- Laser Polarized Muonic Helium -- The Cyclotron Trap and Low Energy Muon Beams -- Laser Spectroscopy of Muonic Hydrogen with a Phase Space Compressed Muon Beam -- A Device for   Cooling Charged Particle Beams by Moderation and Acceleration -- Progress in Soft X-Ray Detection: The Case of Exotic Hydrogen -- Measurement of the Stopping Power for ?? and ?+ at Energies between 3   keV and 50 keV -- Public Lecture -- Un Modo Insolito di Studiare le Proprietà Nucleari, Atomiche e Chimiche -- List of Conference Participants.</marc:subfield>
  </marc:datafield>
  <marc:datafield tag="595" ind1=" " ind2=" ">
    <marc:subfield code="a">SPR201503</marc:subfield>
  </marc:datafield>
  <marc:datafield tag="650" ind1="1" ind2="7">
    <marc:subfield code="2">SzGeCERN</marc:subfield>
    <marc:subfield code="a">Nuclear Physics</marc:subfield>
  </marc:datafield>
  <marc:datafield tag="650" ind1="2" ind2="7">
    <marc:subfield code="2">SzGeCERN</marc:subfield>
    <marc:subfield code="a">Workshop</marc:subfield>
  </marc:datafield>
  <marc:datafield tag="690" ind1="C" ind2=" ">
    <marc:subfield code="a">PROCEEDINGS</marc:subfield>
  </marc:datafield>
  <marc:datafield tag="690" ind1="C" ind2=" ">
    <marc:subfield code="a">CONFERENCE</marc:subfield>
  </marc:datafield>
  <marc:datafield tag="700" ind1=" " ind2=" ">
    <marc:subfield code="a">Schaller, Lukas</marc:subfield>
    <marc:subfield code="e">ed.</marc:subfield>
  </marc:datafield>
  <marc:datafield tag="700" ind1=" " ind2=" ">
    <marc:subfield code="a">Petitjean, Claude</marc:subfield>
    <marc:subfield code="e">ed.</marc:subfield>
  </marc:datafield>
  <marc:datafield tag="711" ind1=" " ind2=" ">
    <marc:subfield code="a">Muonic Atoms and Molecules</marc:subfield>
  </marc:datafield>
  <marc:datafield tag="711" ind1=" " ind2=" ">
    <marc:subfield code="c">Ascona</marc:subfield>
    <marc:subfield code="g">monteverita920405</marc:subfield>
  </marc:datafield>
  <marc:datafield tag="916" ind1=" " ind2=" ">
    <marc:subfield code="e">SPR</marc:subfield>
    <marc:subfield code="s">n</marc:subfield>
    <marc:subfield code="w">199234</marc:subfield>
  </marc:datafield>
  <marc:datafield tag="960" ind1=" " ind2=" ">
    <marc:subfield code="a">42</marc:subfield>
  </marc:datafield>
  <marc:datafield tag="961" ind1=" " ind2=" ">
    <marc:subfield code="c">20100916</marc:subfield>
    <marc:subfield code="h">1506</marc:subfield>
    <marc:subfield code="l">CER01</marc:subfield>
    <marc:subfield code="x">19920820</marc:subfield>
  </marc:datafield>
  <marc:datafield tag="963" ind1=" " ind2=" ">
    <marc:subfield code="a">PUBLIC</marc:subfield>
  </marc:datafield>
  <marc:datafield tag="970" ind1=" " ind2=" ">
    <marc:subfield code="a">000155707CER</marc:subfield>
  </marc:datafield>
  <marc:datafield tag="980" ind1=" " ind2=" ">
    <marc:subfield code="a">PROCEEDINGS</marc:subfield>
  </marc:datafield>
</marc:record>
</metadata></record>