<record><header><identifier>oai:cds.cern.ch:240624</identifier><datestamp>2010-07-24T02:16:43Z</datestamp><setSpec>cerncds:CONF</setSpec></header><metadata><marc:record xmlns:marc="http://www.loc.gov/MARC21/slim" xmlns:xsi="http://www.w3.org/2001/XMLSchema-instance" xsi:schemaLocation="http://www.loc.gov/MARC21/slim http://www.loc.gov/standards/marcxml/schema/MARC21slim.xsd" type="Bibliographic">
     <marc:leader>00000coc  2200000uu 4500</marc:leader>
  <marc:controlfield tag="001">240624</marc:controlfield>
  <marc:controlfield tag="003">SzGeCERN</marc:controlfield>
  <marc:controlfield tag="005">20130322235308.0</marc:controlfield>
  <marc:datafield tag="020" ind1=" " ind2=" ">
    <marc:subfield code="a">9789810207113</marc:subfield>
  </marc:datafield>
  <marc:datafield tag="020" ind1=" " ind2=" ">
    <marc:subfield code="a">9810207115</marc:subfield>
  </marc:datafield>
  <marc:datafield tag="024" ind1="8" ind2=" ">
    <marc:subfield code="a">oai:cds.cern.ch:240624</marc:subfield>
    <marc:subfield code="p">cerncds:CONF</marc:subfield>
  </marc:datafield>
  <marc:datafield tag="035" ind1=" " ind2=" ">
    <marc:subfield code="a">0156166CERCER</marc:subfield>
  </marc:datafield>
  <marc:datafield tag="041" ind1=" " ind2=" ">
    <marc:subfield code="a">eng</marc:subfield>
  </marc:datafield>
  <marc:datafield tag="080" ind1=" " ind2=" ">
    <marc:subfield code="a">539.1.07</marc:subfield>
  </marc:datafield>
  <marc:datafield tag="080" ind1=" " ind2=" ">
    <marc:subfield code="a">539.12.17</marc:subfield>
  </marc:datafield>
  <marc:datafield tag="080" ind1=" " ind2=" ">
    <marc:subfield code="a">539.125/6.17</marc:subfield>
  </marc:datafield>
  <marc:datafield tag="080" ind1=" " ind2=" ">
    <marc:subfield code="a">539.172</marc:subfield>
  </marc:datafield>
  <marc:datafield tag="080" ind1=" " ind2=" ">
    <marc:subfield code="a">621.384.665.24</marc:subfield>
  </marc:datafield>
  <marc:datafield tag="111" ind1=" " ind2=" ">
    <marc:subfield code="9">19910204</marc:subfield>
    <marc:subfield code="a">6th Winter School on Hadronic Physics</marc:subfield>
    <marc:subfield code="c">Folgaria, Italy</marc:subfield>
    <marc:subfield code="d">4 - 9 Feb 1991</marc:subfield>
    <marc:subfield code="f">1991</marc:subfield>
    <marc:subfield code="g">folgaria910204</marc:subfield>
    <marc:subfield code="n">6</marc:subfield>
  </marc:datafield>
  <marc:datafield tag="260" ind1=" " ind2=" ">
    <marc:subfield code="a">Singapore</marc:subfield>
    <marc:subfield code="b">World Scientific</marc:subfield>
    <marc:subfield code="c">1991</marc:subfield>
  </marc:datafield>
  <marc:datafield tag="300" ind1=" " ind2=" ">
    <marc:subfield code="a">347 p</marc:subfield>
  </marc:datafield>
  <marc:datafield tag="650" ind1="1" ind2="7">
    <marc:subfield code="2">SzGeCERN</marc:subfield>
    <marc:subfield code="a">Particle Physics</marc:subfield>
  </marc:datafield>
  <marc:datafield tag="650" ind1="2" ind2="7">
    <marc:subfield code="2">SzGeCERN</marc:subfield>
    <marc:subfield code="a">School</marc:subfield>
  </marc:datafield>
  <marc:datafield tag="653" ind1="1" ind2=" ">
    <marc:subfield code="9">CERN</marc:subfield>
    <marc:subfield code="a">DAPHNE</marc:subfield>
  </marc:datafield>
  <marc:datafield tag="653" ind1="1" ind2=" ">
    <marc:subfield code="9">CERN</marc:subfield>
    <marc:subfield code="a">EMC</marc:subfield>
  </marc:datafield>
  <marc:datafield tag="653" ind1="1" ind2=" ">
    <marc:subfield code="9">CERN</marc:subfield>
    <marc:subfield code="a">Mössbauer effect</marc:subfield>
  </marc:datafield>
  <marc:datafield tag="653" ind1="1" ind2=" ">
    <marc:subfield code="9">CERN</marc:subfield>
    <marc:subfield code="a">QCD</marc:subfield>
  </marc:datafield>
  <marc:datafield tag="653" ind1="1" ind2=" ">
    <marc:subfield code="9">CERN</marc:subfield>
    <marc:subfield code="a">QED</marc:subfield>
  </marc:datafield>
  <marc:datafield tag="653" ind1="1" ind2=" ">
    <marc:subfield code="9">CERN</marc:subfield>
    <marc:subfield code="a">accelerators</marc:subfield>
  </marc:datafield>
  <marc:datafield tag="653" ind1="1" ind2=" ">
    <marc:subfield code="9">CERN</marc:subfield>
    <marc:subfield code="a">cold fusion</marc:subfield>
  </marc:datafield>
  <marc:datafield tag="653" ind1="1" ind2=" ">
    <marc:subfield code="9">CERN</marc:subfield>
    <marc:subfield code="a">scattering</marc:subfield>
  </marc:datafield>
  <marc:datafield tag="653" ind1="1" ind2=" ">
    <marc:subfield code="9">CERN</marc:subfield>
    <marc:subfield code="a">spectroscopy</marc:subfield>
  </marc:datafield>
  <marc:datafield tag="690" ind1="C" ind2=" ">
    <marc:subfield code="a">CONFERENCE</marc:subfield>
  </marc:datafield>
  <marc:datafield tag="690" ind1="C" ind2=" ">
    <marc:subfield code="a">PROCEEDINGS</marc:subfield>
  </marc:datafield>
  <marc:datafield tag="700" ind1=" " ind2=" ">
    <marc:subfield code="a">Bressani, Tullio</marc:subfield>
    <marc:subfield code="e">ed.</marc:subfield>
  </marc:datafield>
  <marc:datafield tag="700" ind1=" " ind2=" ">
    <marc:subfield code="a">Minetti, Bruno</marc:subfield>
    <marc:subfield code="e">ed.</marc:subfield>
  </marc:datafield>
  <marc:datafield tag="700" ind1=" " ind2=" ">
    <marc:subfield code="a">Zenoni, Aldo</marc:subfield>
    <marc:subfield code="e">ed.</marc:subfield>
  </marc:datafield>
  <marc:datafield tag="711" ind1=" " ind2=" ">
    <marc:subfield code="a">Common problems and ideas of modern physics</marc:subfield>
  </marc:datafield>
  <marc:datafield tag="916" ind1=" " ind2=" ">
    <marc:subfield code="s">n</marc:subfield>
    <marc:subfield code="w">199240</marc:subfield>
  </marc:datafield>
  <marc:datafield tag="960" ind1=" " ind2=" ">
    <marc:subfield code="a">42</marc:subfield>
  </marc:datafield>
  <marc:datafield tag="961" ind1=" " ind2=" ">
    <marc:subfield code="c">20070922</marc:subfield>
    <marc:subfield code="h">0019</marc:subfield>
    <marc:subfield code="l">CER01</marc:subfield>
    <marc:subfield code="x">19920907</marc:subfield>
  </marc:datafield>
  <marc:datafield tag="963" ind1=" " ind2=" ">
    <marc:subfield code="a">PUBLIC</marc:subfield>
  </marc:datafield>
  <marc:datafield tag="980" ind1=" " ind2=" ">
    <marc:subfield code="a">PROCEEDINGS</marc:subfield>
  </marc:datafield>
  <marc:datafield tag="964" ind1=" " ind2=" ">
    <marc:subfield code="a">0001</marc:subfield>
  </marc:datafield>
  <marc:datafield tag="970" ind1=" " ind2=" ">
    <marc:subfield code="a">000156166CER</marc:subfield>
  </marc:datafield>
</marc:record>
</metadata></record>