<record><header><identifier>oai:cds.cern.ch:240730</identifier><datestamp>2014-12-15T23:19:59Z</datestamp><setSpec>cerncds:CONF</setSpec></header><metadata><marc:record xmlns:marc="http://www.loc.gov/MARC21/slim" xmlns:xsi="http://www.w3.org/2001/XMLSchema-instance" xsi:schemaLocation="http://www.loc.gov/MARC21/slim http://www.loc.gov/standards/marcxml/schema/MARC21slim.xsd" type="Bibliographic">
     <marc:leader>00000coc  2200000uu 4500</marc:leader>
  <marc:controlfield tag="001">240730</marc:controlfield>
  <marc:controlfield tag="003">SzGeCERN</marc:controlfield>
  <marc:controlfield tag="005">20141216001959.0</marc:controlfield>
  <marc:datafield tag="024" ind1="8" ind2=" ">
    <marc:subfield code="a">oai:cds.cern.ch:240730</marc:subfield>
    <marc:subfield code="p">cerncds:CONF</marc:subfield>
  </marc:datafield>
  <marc:datafield tag="035" ind1=" " ind2=" ">
    <marc:subfield code="a">0156278CERCER</marc:subfield>
  </marc:datafield>
  <marc:datafield tag="041" ind1=" " ind2=" ">
    <marc:subfield code="a">eng</marc:subfield>
  </marc:datafield>
  <marc:datafield tag="080" ind1=" " ind2=" ">
    <marc:subfield code="a">517.9</marc:subfield>
  </marc:datafield>
  <marc:datafield tag="111" ind1=" " ind2=" ">
    <marc:subfield code="9">19770829</marc:subfield>
    <marc:subfield code="a">3rd Scheveningen Conference on Differential Equations</marc:subfield>
    <marc:subfield code="c">Scheveningen, The Netherlands</marc:subfield>
    <marc:subfield code="d">29 Aug - 2 Sep 1977</marc:subfield>
    <marc:subfield code="f">1977</marc:subfield>
    <marc:subfield code="g">scheveningen770829</marc:subfield>
    <marc:subfield code="n">3</marc:subfield>
  </marc:datafield>
  <marc:datafield tag="260" ind1=" " ind2=" ">
    <marc:subfield code="a">Amsterdam</marc:subfield>
    <marc:subfield code="b">North-Holland</marc:subfield>
    <marc:subfield code="c">1978</marc:subfield>
  </marc:datafield>
  <marc:datafield tag="300" ind1=" " ind2=" ">
    <marc:subfield code="a">264 p</marc:subfield>
  </marc:datafield>
  <marc:datafield tag="340" ind1=" " ind2=" ">
    <marc:subfield code="a">paper</marc:subfield>
  </marc:datafield>
  <marc:datafield tag="490" ind1=" " ind2=" ">
    <marc:subfield code="a">North-Holl Math. Stud.</marc:subfield>
    <marc:subfield code="v">31</marc:subfield>
  </marc:datafield>
  <marc:datafield tag="650" ind1="1" ind2="7">
    <marc:subfield code="2">SzGeCERN</marc:subfield>
    <marc:subfield code="a">Mathematical Physics and Mathematics</marc:subfield>
  </marc:datafield>
  <marc:datafield tag="650" ind1="2" ind2="7">
    <marc:subfield code="2">SzGeCERN</marc:subfield>
    <marc:subfield code="a">Conference</marc:subfield>
  </marc:datafield>
  <marc:datafield tag="690" ind1="C" ind2=" ">
    <marc:subfield code="a">CONFERENCE</marc:subfield>
  </marc:datafield>
  <marc:datafield tag="690" ind1="C" ind2=" ">
    <marc:subfield code="a">PROCEEDINGS</marc:subfield>
  </marc:datafield>
  <marc:datafield tag="700" ind1=" " ind2=" ">
    <marc:subfield code="a">De Jager, Eduard M</marc:subfield>
    <marc:subfield code="e">ed.</marc:subfield>
  </marc:datafield>
  <marc:datafield tag="700" ind1=" " ind2=" ">
    <marc:subfield code="a">Eckhaus, Wiktor</marc:subfield>
    <marc:subfield code="e">ed.</marc:subfield>
  </marc:datafield>
  <marc:datafield tag="711" ind1=" " ind2=" ">
    <marc:subfield code="a">Differential equations and applications</marc:subfield>
  </marc:datafield>
  <marc:datafield tag="852" ind1=" " ind2=" ">
    <marc:subfield code="c">CERN Depot 1, bldg. 2 (DE1)</marc:subfield>
    <marc:subfield code="h">Scheveningen 1977</marc:subfield>
  </marc:datafield>
  <marc:datafield tag="916" ind1=" " ind2=" ">
    <marc:subfield code="s">m</marc:subfield>
    <marc:subfield code="w">199211</marc:subfield>
  </marc:datafield>
  <marc:datafield tag="960" ind1=" " ind2=" ">
    <marc:subfield code="a">42</marc:subfield>
  </marc:datafield>
  <marc:datafield tag="961" ind1=" " ind2=" ">
    <marc:subfield code="c">20060715</marc:subfield>
    <marc:subfield code="h">0011</marc:subfield>
    <marc:subfield code="l">CER01</marc:subfield>
    <marc:subfield code="x">19920909</marc:subfield>
  </marc:datafield>
  <marc:datafield tag="963" ind1=" " ind2=" ">
    <marc:subfield code="a">PUBLIC</marc:subfield>
  </marc:datafield>
  <marc:datafield tag="980" ind1=" " ind2=" ">
    <marc:subfield code="a">PROCEEDINGS</marc:subfield>
  </marc:datafield>
  <marc:datafield tag="964" ind1=" " ind2=" ">
    <marc:subfield code="a">0001</marc:subfield>
  </marc:datafield>
  <marc:datafield tag="970" ind1=" " ind2=" ">
    <marc:subfield code="a">000156278CER</marc:subfield>
  </marc:datafield>
</marc:record>
</metadata></record>