<record><header><identifier>oai:cds.cern.ch:241356</identifier><datestamp>2014-12-15T23:15:29Z</datestamp><setSpec>cerncds:CONF</setSpec></header><metadata><marc:record xmlns:marc="http://www.loc.gov/MARC21/slim" xmlns:xsi="http://www.w3.org/2001/XMLSchema-instance" xsi:schemaLocation="http://www.loc.gov/MARC21/slim http://www.loc.gov/standards/marcxml/schema/MARC21slim.xsd" type="Bibliographic">
     <marc:leader>00000coc  2200000uu 4500</marc:leader>
  <marc:controlfield tag="001">241356</marc:controlfield>
  <marc:controlfield tag="003">SzGeCERN</marc:controlfield>
  <marc:controlfield tag="005">20141216001529.0</marc:controlfield>
  <marc:datafield tag="020" ind1=" " ind2=" ">
    <marc:subfield code="a">2863321145</marc:subfield>
  </marc:datafield>
  <marc:datafield tag="020" ind1=" " ind2=" ">
    <marc:subfield code="a">9782863321140</marc:subfield>
  </marc:datafield>
  <marc:datafield tag="024" ind1="8" ind2=" ">
    <marc:subfield code="a">oai:cds.cern.ch:241356</marc:subfield>
    <marc:subfield code="p">cerncds:CONF</marc:subfield>
  </marc:datafield>
  <marc:datafield tag="041" ind1=" " ind2=" ">
    <marc:subfield code="a">eng</marc:subfield>
  </marc:datafield>
  <marc:datafield tag="080" ind1=" " ind2=" ">
    <marc:subfield code="a">621.384.6</marc:subfield>
  </marc:datafield>
  <marc:datafield tag="111" ind1=" " ind2=" ">
    <marc:subfield code="9">19920324</marc:subfield>
    <marc:subfield code="a">3rd European Particle Accelerator Conference</marc:subfield>
    <marc:subfield code="c">Berlin, Germany</marc:subfield>
    <marc:subfield code="d">24 - 28 Mar 1992</marc:subfield>
    <marc:subfield code="f">1992</marc:subfield>
    <marc:subfield code="g">berlin920324</marc:subfield>
    <marc:subfield code="n">3</marc:subfield>
  </marc:datafield>
  <marc:datafield tag="260" ind1=" " ind2=" ">
    <marc:subfield code="a">Gif-sur-Yvette</marc:subfield>
    <marc:subfield code="b">Ed. Frontières</marc:subfield>
    <marc:subfield code="c">1992</marc:subfield>
  </marc:datafield>
  <marc:datafield tag="300" ind1=" " ind2=" ">
    <marc:subfield code="a">2 v</marc:subfield>
  </marc:datafield>
  <marc:datafield tag="340" ind1=" " ind2=" ">
    <marc:subfield code="a">paper</marc:subfield>
  </marc:datafield>
  <marc:datafield tag="595" ind1=" " ind2=" ">
    <marc:subfield code="a">gift: Bernard, Philippe</marc:subfield>
  </marc:datafield>
  <marc:datafield tag="595" ind1=" " ind2=" ">
    <marc:subfield code="a">gift: Drouet, Gilbert</marc:subfield>
  </marc:datafield>
  <marc:datafield tag="595" ind1=" " ind2=" ">
    <marc:subfield code="a">gift: Dome, Georges</marc:subfield>
  </marc:datafield>
  <marc:datafield tag="595" ind1=" " ind2=" ">
    <marc:subfield code="a">gift: Gruber, Jacques</marc:subfield>
  </marc:datafield>
  <marc:datafield tag="595" ind1=" " ind2=" ">
    <marc:subfield code="a">gift: Millich, Antonio</marc:subfield>
  </marc:datafield>
  <marc:datafield tag="595" ind1=" " ind2=" ">
    <marc:subfield code="a">gift: Tortschanoff, Theodor</marc:subfield>
  </marc:datafield>
  <marc:datafield tag="595" ind1=" " ind2=" ">
    <marc:subfield code="z">UNCL</marc:subfield>
  </marc:datafield>
  <marc:datafield tag="650" ind1="1" ind2="7">
    <marc:subfield code="2">SzGeCERN</marc:subfield>
    <marc:subfield code="a">Accelerators and Storage Rings</marc:subfield>
  </marc:datafield>
  <marc:datafield tag="650" ind1="2" ind2="7">
    <marc:subfield code="2">SzGeCERN</marc:subfield>
    <marc:subfield code="a">Conference</marc:subfield>
  </marc:datafield>
  <marc:datafield tag="653" ind1="1" ind2=" ">
    <marc:subfield code="9">CERN</marc:subfield>
    <marc:subfield code="a">RF</marc:subfield>
  </marc:datafield>
  <marc:datafield tag="653" ind1="1" ind2=" ">
    <marc:subfield code="9">CERN</marc:subfield>
    <marc:subfield code="a">beam</marc:subfield>
  </marc:datafield>
  <marc:datafield tag="653" ind1="1" ind2=" ">
    <marc:subfield code="9">CERN</marc:subfield>
    <marc:subfield code="a">cryogenics</marc:subfield>
  </marc:datafield>
  <marc:datafield tag="653" ind1="1" ind2=" ">
    <marc:subfield code="9">CERN</marc:subfield>
    <marc:subfield code="a">ejection</marc:subfield>
  </marc:datafield>
  <marc:datafield tag="653" ind1="1" ind2=" ">
    <marc:subfield code="9">CERN</marc:subfield>
    <marc:subfield code="a">electromagnetic fields</marc:subfield>
  </marc:datafield>
  <marc:datafield tag="653" ind1="1" ind2=" ">
    <marc:subfield code="9">CERN</marc:subfield>
    <marc:subfield code="a">injection</marc:subfield>
  </marc:datafield>
  <marc:datafield tag="653" ind1="1" ind2=" ">
    <marc:subfield code="9">CERN</marc:subfield>
    <marc:subfield code="a">particle sources</marc:subfield>
  </marc:datafield>
  <marc:datafield tag="690" ind1="C" ind2=" ">
    <marc:subfield code="a">CERN</marc:subfield>
  </marc:datafield>
  <marc:datafield tag="690" ind1="C" ind2=" ">
    <marc:subfield code="a">CONFERENCE</marc:subfield>
  </marc:datafield>
  <marc:datafield tag="690" ind1="C" ind2=" ">
    <marc:subfield code="a">PROCEEDINGS</marc:subfield>
  </marc:datafield>
  <marc:datafield tag="700" ind1=" " ind2=" ">
    <marc:subfield code="a">Henke, Heino</marc:subfield>
    <marc:subfield code="e">ed.</marc:subfield>
  </marc:datafield>
  <marc:datafield tag="700" ind1=" " ind2=" ">
    <marc:subfield code="a">Homeyer, H</marc:subfield>
    <marc:subfield code="e">ed.</marc:subfield>
  </marc:datafield>
  <marc:datafield tag="700" ind1=" " ind2=" ">
    <marc:subfield code="a">Petit-Jean-Genaz, Christine</marc:subfield>
    <marc:subfield code="e">ed.</marc:subfield>
  </marc:datafield>
  <marc:datafield tag="710" ind1=" " ind2=" ">
    <marc:subfield code="5">CERN?</marc:subfield>
  </marc:datafield>
  <marc:datafield tag="711" ind1=" " ind2=" ">
    <marc:subfield code="a">EPAC '92</marc:subfield>
  </marc:datafield>
  <marc:datafield tag="852" ind1=" " ind2=" ">
    <marc:subfield code="c">CERN Depot 1, bldg. 2 (DE1)</marc:subfield>
    <marc:subfield code="h">Berlin 1992</marc:subfield>
  </marc:datafield>
  <marc:datafield tag="916" ind1=" " ind2=" ">
    <marc:subfield code="s">r</marc:subfield>
    <marc:subfield code="w">200030</marc:subfield>
    <marc:subfield code="y">a1993</marc:subfield>
  </marc:datafield>
  <marc:datafield tag="960" ind1=" " ind2=" ">
    <marc:subfield code="a">42</marc:subfield>
  </marc:datafield>
  <marc:datafield tag="961" ind1=" " ind2=" ">
    <marc:subfield code="c">20100927</marc:subfield>
    <marc:subfield code="h">0927</marc:subfield>
    <marc:subfield code="l">CER01</marc:subfield>
    <marc:subfield code="x">19920930</marc:subfield>
  </marc:datafield>
  <marc:datafield tag="963" ind1=" " ind2=" ">
    <marc:subfield code="a">PUBLIC</marc:subfield>
  </marc:datafield>
  <marc:datafield tag="970" ind1=" " ind2=" ">
    <marc:subfield code="a">000156953CER</marc:subfield>
  </marc:datafield>
  <marc:datafield tag="980" ind1=" " ind2=" ">
    <marc:subfield code="a">PROCEEDINGS</marc:subfield>
  </marc:datafield>
  <marc:datafield tag="981" ind1=" " ind2=" ">
    <marc:subfield code="a">000156952CER01</marc:subfield>
  </marc:datafield>
  <marc:datafield tag="981" ind1=" " ind2=" ">
    <marc:subfield code="a">000123987CER01</marc:subfield>
  </marc:datafield>
  <marc:datafield tag="964" ind1=" " ind2=" ">
    <marc:subfield code="a">0016</marc:subfield>
  </marc:datafield>
  <marc:datafield tag="035" ind1=" " ind2=" ">
    <marc:subfield code="9">CERN annual report</marc:subfield>
    <marc:subfield code="a">93-0014</marc:subfield>
  </marc:datafield>
  <marc:datafield tag="035" ind1=" " ind2=" ">
    <marc:subfield code="a">0156953CERCER</marc:subfield>
  </marc:datafield>
  <marc:datafield tag="035" ind1=" " ind2=" ">
    <marc:subfield code="9">INSPIRE-CNUM</marc:subfield>
    <marc:subfield code="a">C92-03-24</marc:subfield>
  </marc:datafield>
</marc:record>
</metadata></record>