<record><header><identifier>oai:cds.cern.ch:242102</identifier><datestamp>2015-07-06T09:00:41Z</datestamp><setSpec>cerncds:CONF</setSpec></header><metadata><marc:record xmlns:marc="http://www.loc.gov/MARC21/slim" xmlns:xsi="http://www.w3.org/2001/XMLSchema-instance" xsi:schemaLocation="http://www.loc.gov/MARC21/slim http://www.loc.gov/standards/marcxml/schema/MARC21slim.xsd" type="Bibliographic">
     <marc:leader>00000coc  2200000uu 4500</marc:leader>
  <marc:controlfield tag="001">242102</marc:controlfield>
  <marc:controlfield tag="003">SzGeCERN</marc:controlfield>
  <marc:controlfield tag="005">20150706110040.0</marc:controlfield>
  <marc:datafield tag="020" ind1=" " ind2=" ">
    <marc:subfield code="a">9781461528401</marc:subfield>
    <marc:subfield code="u">electronic version</marc:subfield>
  </marc:datafield>
  <marc:datafield tag="020" ind1=" " ind2=" ">
    <marc:subfield code="a">9781461362296</marc:subfield>
    <marc:subfield code="u">print version</marc:subfield>
  </marc:datafield>
  <marc:datafield tag="690" ind1="C" ind2=" ">
    <marc:subfield code="a">PROCEEDINGS</marc:subfield>
  </marc:datafield>
  <marc:datafield tag="690" ind1="C" ind2=" ">
    <marc:subfield code="a">CONFERENCE</marc:subfield>
  </marc:datafield>
  <marc:datafield tag="700" ind1=" " ind2=" ">
    <marc:subfield code="a">Baragiola, Raúl</marc:subfield>
    <marc:subfield code="e">ed.</marc:subfield>
  </marc:datafield>
  <marc:datafield tag="960" ind1=" " ind2=" ">
    <marc:subfield code="a">42</marc:subfield>
  </marc:datafield>
  <marc:datafield tag="961" ind1=" " ind2=" ">
    <marc:subfield code="c">20060708</marc:subfield>
    <marc:subfield code="h">0009</marc:subfield>
    <marc:subfield code="l">CER01</marc:subfield>
    <marc:subfield code="x">19921021</marc:subfield>
  </marc:datafield>
  <marc:datafield tag="963" ind1=" " ind2=" ">
    <marc:subfield code="a">PUBLIC</marc:subfield>
  </marc:datafield>
  <marc:datafield tag="980" ind1=" " ind2=" ">
    <marc:subfield code="a">PROCEEDINGS</marc:subfield>
  </marc:datafield>
  <marc:datafield tag="970" ind1=" " ind2=" ">
    <marc:subfield code="a">000157747CER</marc:subfield>
  </marc:datafield>
  <marc:datafield tag="711" ind1=" " ind2=" ">
    <marc:subfield code="a">Ionization of Solids by Heavy Particles</marc:subfield>
  </marc:datafield>
  <marc:datafield tag="916" ind1=" " ind2=" ">
    <marc:subfield code="e">SPR</marc:subfield>
    <marc:subfield code="s">n</marc:subfield>
    <marc:subfield code="w">199243</marc:subfield>
  </marc:datafield>
  <marc:datafield tag="024" ind1="8" ind2=" ">
    <marc:subfield code="a">oai:cds.cern.ch:242102</marc:subfield>
    <marc:subfield code="p">cerncds:CONF</marc:subfield>
    <marc:subfield code="q">cerncds:TALK</marc:subfield>
  </marc:datafield>
  <marc:datafield tag="024" ind1="7" ind2=" ">
    <marc:subfield code="2">DOI</marc:subfield>
    <marc:subfield code="a">10.1007/978-1-4615-2840-1</marc:subfield>
    <marc:subfield code="q">e-proceedings</marc:subfield>
  </marc:datafield>
  <marc:datafield tag="340" ind1=" " ind2=" ">
    <marc:subfield code="a">ebook</marc:subfield>
  </marc:datafield>
  <marc:datafield tag="490" ind1=" " ind2=" ">
    <marc:subfield code="a">Nato ASI series. Series B physics</marc:subfield>
    <marc:subfield code="v">306</marc:subfield>
    <marc:subfield code="x">0258-1221</marc:subfield>
  </marc:datafield>
  <marc:datafield tag="505" ind1=" " ind2=" ">
    <marc:subfield code="a">Theory of Ionization and Electron Emission -- Theory of Electron Ejection from Matter by Highly Charged Ion Impact -- Dynamic Interaction of Ions with Condensed Matter Using a LCAO Approach -- Promotion of   Electronic Levels in Bombarded Solids -- Theory of Ion-induced Kinetic Electron Emission from Solids -- Particle-induced Electron Emission: Open Questions, Pitfalls, and a Few Attempts at Answers -- Auger Processes at Metallic Surfaces   -- Auger Processes at Surfaces -- Electrons from Intra- and Interatomic Auger Processes in Low-Energy Collisions of Singly and Doubly Charged Inert Gas Ions With W(110) Surfaces Partially Covered by Alkali Atoms and NACL Molecules --   Inner-shell Target Ionization by the Impact of N6+, O7+ and Ne9+ on Pt(110) -- Studies on Slow Particle-induced Electron Emission from Clean Metal Surfaces by Means of Electron Emission Statistics -- Kinetic Auger Processes and Shell   Effects -- Z1 and Z2 Oscillations in the Energy Loss of Slow Ions: Inhomogeneous Electron Gas Models -- Electron-Shell Effects in Particle-Induced Kinetic Electron Emission From Solids -- Symmetric and Asymmetric Collisions in Auger   Electron Emission from Al, Mg, Si and MgxAl1-x Targets Induced by Low keV Ar+ Bombardment -- Electron Emission from Silicon Induced by Bombardment with Oxygen Ions -- Kinetic Electron Emission from Thin Foils -- Electron Ejection   Induced by Fast Projectiles -- Electron emission from Swift Hydrogen Cluster Interaction with Thin Carbon Foils -- Statistics of Heavy Particle-induced Electron Emission from a Foil -- Incident and Exit Charge State Dependence of   Secondary Electron Emission from a Carbon Foil by the Passage of Swift Oxygen and Carbon Ions -- Surface Effects in Kinetic Electron Emission -- Electron Emission Phenomena in Grazing Collisions of Fast Ions with Surfaces -- Electronic   Energy Loss of Fast Protons in Planar Surface Channeling -- Has the True Ion-induced Electron Yield from Copper and Other Metals Been Measured? -- Spin Polarized Electron Emission -- Spin-Polarized Electrons: Sources, Time-resolved   Photoemission, Thermoemission -- Ion-induced Electron Emission from Magnetic and Nonmagnetic Surfaces -- Electron Emission and Charging of Insulators -- Some Physical Descriptions of the Charging Effects in Insulators Under Irradiation   -- Secondary Electron Emission from Insulators -- Secondary Electron Emission from Alkali Halides Induced by X-rays and Electrons -- Electron Emission from Ion Bombarded Solid Argon -- Ionization Effects in Semiconductors and   Insulators -- The Consequences of Electronic Excitation in Semiconductors and Frozen Gases -- Ionization Tracks -- Track Effects and Their Influence on Heavy Ion Energy Losses in Semiconductor Devices -- Energy Transfer, Scattering,   and Ion Emission due to Hyperthermal Neutral Atom Impact at Surfaces -- Ionization of LiF by Hyperthermal Multiply Charged Ions -- Participants.</marc:subfield>
  </marc:datafield>
  <marc:datafield tag="520" ind1=" " ind2=" ">
    <marc:subfield code="a">This book collects the papers presented at the NATO Advanced Research Workshop on "Ionization of Solids by Heavy Particles", held in Giardini-Naxos (Taormina), Italy, on June 1 -5, 1992. The meeting was the first   to gather scientists to discuss the physics of electron emission and other ionization effects occurring during the interaction of heavy particles with condensed matter. The central problem in the field is how to use observations of   electron emission and final radiation damage to understand what happens inside the solid, like excitation mechanisms, the propagation of the electronic excitation along different pathways, and surface effects. The ARW began with a   brief survey of the field, stressing the unknowns. It was pointed out that ionization theories can only address the very particular case of weak perturbations. For this problem, this meant high speed, low-charged projectiles (a   perturbation treatment of interactions with slow, highly charged ions was later presented). Only semi-empirical models exist for velocities lower than the Fermi velocity in the solid, which can be used to predict kinetic electron   emission yields. These models, however, do not address the basic questions about the mechanisms for electron excitation, transport and escape through the surface layer.</marc:subfield>
  </marc:datafield>
  <marc:datafield tag="595" ind1=" " ind2=" ">
    <marc:subfield code="a">SPR201506</marc:subfield>
  </marc:datafield>
  <marc:datafield tag="111" ind1=" " ind2=" ">
    <marc:subfield code="9">19920600</marc:subfield>
    <marc:subfield code="a">NATO Advanced Research Workshop on Ionization of Solids by Heavy Particles</marc:subfield>
    <marc:subfield code="c">Taormina, Italy</marc:subfield>
    <marc:subfield code="d">1 - 5 Jun 1992</marc:subfield>
    <marc:subfield code="f">1992</marc:subfield>
    <marc:subfield code="g">taormina920601</marc:subfield>
    <marc:subfield code="w">IT</marc:subfield>
    <marc:subfield code="z">19920605</marc:subfield>
  </marc:datafield>
  <marc:datafield tag="260" ind1=" " ind2=" ">
    <marc:subfield code="a">Boston, MA</marc:subfield>
    <marc:subfield code="b">Springer</marc:subfield>
    <marc:subfield code="c">1993</marc:subfield>
  </marc:datafield>
  <marc:datafield tag="650" ind1="1" ind2="7">
    <marc:subfield code="2">SzGeCERN</marc:subfield>
    <marc:subfield code="a">Other Fields of Physics</marc:subfield>
  </marc:datafield>
  <marc:datafield tag="650" ind1="2" ind2="7">
    <marc:subfield code="2">SzGeCERN</marc:subfield>
    <marc:subfield code="a">Workshop</marc:subfield>
  </marc:datafield>
  <marc:datafield tag="041" ind1=" " ind2=" ">
    <marc:subfield code="a">eng</marc:subfield>
  </marc:datafield>
  <marc:datafield tag="035" ind1=" " ind2=" ">
    <marc:subfield code="a">0157747CERCER</marc:subfield>
  </marc:datafield>
</marc:record>
</metadata></record>