<record><header><identifier>oai:cds.cern.ch:243076</identifier><datestamp>2014-12-15T23:22:29Z</datestamp><setSpec>cerncds:CONF</setSpec></header><metadata><marc:record xmlns:marc="http://www.loc.gov/MARC21/slim" xmlns:xsi="http://www.w3.org/2001/XMLSchema-instance" xsi:schemaLocation="http://www.loc.gov/MARC21/slim http://www.loc.gov/standards/marcxml/schema/MARC21slim.xsd" type="Bibliographic">
     <marc:leader>00000coc  2200000uu 4500</marc:leader>
  <marc:controlfield tag="001">243076</marc:controlfield>
  <marc:controlfield tag="003">SzGeCERN</marc:controlfield>
  <marc:controlfield tag="005">20141216002229.0</marc:controlfield>
  <marc:datafield tag="024" ind1="8" ind2=" ">
    <marc:subfield code="a">oai:cds.cern.ch:243076</marc:subfield>
    <marc:subfield code="p">cerncds:CONF</marc:subfield>
  </marc:datafield>
  <marc:datafield tag="035" ind1=" " ind2=" ">
    <marc:subfield code="a">0158807CERCER</marc:subfield>
  </marc:datafield>
  <marc:datafield tag="041" ind1=" " ind2=" ">
    <marc:subfield code="a">eng</marc:subfield>
  </marc:datafield>
  <marc:datafield tag="080" ind1=" " ind2=" ">
    <marc:subfield code="a">539.14</marc:subfield>
  </marc:datafield>
  <marc:datafield tag="080" ind1=" " ind2=" ">
    <marc:subfield code="a">539.171.01</marc:subfield>
  </marc:datafield>
  <marc:datafield tag="111" ind1=" " ind2=" ">
    <marc:subfield code="9">19910412</marc:subfield>
    <marc:subfield code="a">2nd Hellenic Symposium on Nuclear Physics</marc:subfield>
    <marc:subfield code="c">NCSR, Athens, Greece</marc:subfield>
    <marc:subfield code="d">12 - 13 Apr 1991</marc:subfield>
    <marc:subfield code="f">1991</marc:subfield>
    <marc:subfield code="g">athens910412</marc:subfield>
    <marc:subfield code="n">2</marc:subfield>
  </marc:datafield>
  <marc:datafield tag="260" ind1=" " ind2=" ">
    <marc:subfield code="a">Athens</marc:subfield>
    <marc:subfield code="b">Greece. Nat. Center Sci. Res.</marc:subfield>
    <marc:subfield code="c">1992?</marc:subfield>
  </marc:datafield>
  <marc:datafield tag="300" ind1=" " ind2=" ">
    <marc:subfield code="a">431 p</marc:subfield>
  </marc:datafield>
  <marc:datafield tag="340" ind1=" " ind2=" ">
    <marc:subfield code="a">paper</marc:subfield>
  </marc:datafield>
  <marc:datafield tag="650" ind1="1" ind2="7">
    <marc:subfield code="2">SzGeCERN</marc:subfield>
    <marc:subfield code="a">Nuclear Physics</marc:subfield>
  </marc:datafield>
  <marc:datafield tag="650" ind1="2" ind2="7">
    <marc:subfield code="2">SzGeCERN</marc:subfield>
    <marc:subfield code="a">Symposium</marc:subfield>
  </marc:datafield>
  <marc:datafield tag="653" ind1="1" ind2=" ">
    <marc:subfield code="9">CERN</marc:subfield>
    <marc:subfield code="a">detectors</marc:subfield>
  </marc:datafield>
  <marc:datafield tag="653" ind1="1" ind2=" ">
    <marc:subfield code="9">CERN</marc:subfield>
    <marc:subfield code="a">electron scattering</marc:subfield>
  </marc:datafield>
  <marc:datafield tag="653" ind1="1" ind2=" ">
    <marc:subfield code="9">CERN</marc:subfield>
    <marc:subfield code="a">fragment ation</marc:subfield>
  </marc:datafield>
  <marc:datafield tag="653" ind1="1" ind2=" ">
    <marc:subfield code="9">CERN</marc:subfield>
    <marc:subfield code="a">heavy ions</marc:subfield>
  </marc:datafield>
  <marc:datafield tag="653" ind1="1" ind2=" ">
    <marc:subfield code="9">CERN</marc:subfield>
    <marc:subfield code="a">hypernuclei</marc:subfield>
  </marc:datafield>
  <marc:datafield tag="653" ind1="1" ind2=" ">
    <marc:subfield code="9">CERN</marc:subfield>
    <marc:subfield code="a">ion beams</marc:subfield>
  </marc:datafield>
  <marc:datafield tag="653" ind1="1" ind2=" ">
    <marc:subfield code="9">CERN</marc:subfield>
    <marc:subfield code="a">nucleon</marc:subfield>
  </marc:datafield>
  <marc:datafield tag="653" ind1="1" ind2=" ">
    <marc:subfield code="9">CERN</marc:subfield>
    <marc:subfield code="a">quark gluon plasma</marc:subfield>
  </marc:datafield>
  <marc:datafield tag="653" ind1="1" ind2=" ">
    <marc:subfield code="9">CERN</marc:subfield>
    <marc:subfield code="a">x-ray</marc:subfield>
  </marc:datafield>
  <marc:datafield tag="690" ind1="C" ind2=" ">
    <marc:subfield code="a">CONFERENCE</marc:subfield>
  </marc:datafield>
  <marc:datafield tag="690" ind1="C" ind2=" ">
    <marc:subfield code="a">PROCEEDINGS</marc:subfield>
  </marc:datafield>
  <marc:datafield tag="710" ind1=" " ind2=" ">
    <marc:subfield code="a">National Center for Scientific Research. Athens</marc:subfield>
  </marc:datafield>
  <marc:datafield tag="711" ind1=" " ind2=" ">
    <marc:subfield code="a">Nuclear Physics</marc:subfield>
    <marc:subfield code="c">NCSR, Athens, Greece</marc:subfield>
    <marc:subfield code="n">2</marc:subfield>
  </marc:datafield>
  <marc:datafield tag="852" ind1=" " ind2=" ">
    <marc:subfield code="c">CERN Depot 1, bldg. 2 (DE1)</marc:subfield>
    <marc:subfield code="h">Athens 1991</marc:subfield>
  </marc:datafield>
  <marc:datafield tag="916" ind1=" " ind2=" ">
    <marc:subfield code="s">n</marc:subfield>
    <marc:subfield code="w">199250</marc:subfield>
  </marc:datafield>
  <marc:datafield tag="960" ind1=" " ind2=" ">
    <marc:subfield code="a">42</marc:subfield>
  </marc:datafield>
  <marc:datafield tag="961" ind1=" " ind2=" ">
    <marc:subfield code="c">20060715</marc:subfield>
    <marc:subfield code="h">0011</marc:subfield>
    <marc:subfield code="l">CER01</marc:subfield>
    <marc:subfield code="x">19921117</marc:subfield>
  </marc:datafield>
  <marc:datafield tag="963" ind1=" " ind2=" ">
    <marc:subfield code="a">PUBLIC</marc:subfield>
  </marc:datafield>
  <marc:datafield tag="980" ind1=" " ind2=" ">
    <marc:subfield code="a">PROCEEDINGS</marc:subfield>
  </marc:datafield>
  <marc:datafield tag="964" ind1=" " ind2=" ">
    <marc:subfield code="a">0001</marc:subfield>
  </marc:datafield>
  <marc:datafield tag="970" ind1=" " ind2=" ">
    <marc:subfield code="a">000158807CER</marc:subfield>
  </marc:datafield>
</marc:record>
</metadata></record>