<record><header><identifier>oai:cds.cern.ch:243249</identifier><datestamp>2014-12-15T23:24:43Z</datestamp><setSpec>cerncds:CONF</setSpec></header><metadata><marc:record xmlns:marc="http://www.loc.gov/MARC21/slim" xmlns:xsi="http://www.w3.org/2001/XMLSchema-instance" xsi:schemaLocation="http://www.loc.gov/MARC21/slim http://www.loc.gov/standards/marcxml/schema/MARC21slim.xsd" type="Bibliographic">
     <marc:leader>00000coc  2200000uu 4500</marc:leader>
  <marc:controlfield tag="001">243249</marc:controlfield>
  <marc:controlfield tag="003">SzGeCERN</marc:controlfield>
  <marc:controlfield tag="005">20141216002443.0</marc:controlfield>
  <marc:datafield tag="020" ind1=" " ind2=" ">
    <marc:subfield code="a">2863321307</marc:subfield>
  </marc:datafield>
  <marc:datafield tag="020" ind1=" " ind2=" ">
    <marc:subfield code="a">9782863321300</marc:subfield>
  </marc:datafield>
  <marc:datafield tag="024" ind1="8" ind2=" ">
    <marc:subfield code="a">oai:cds.cern.ch:243249</marc:subfield>
    <marc:subfield code="p">cerncds:CONF</marc:subfield>
  </marc:datafield>
  <marc:datafield tag="035" ind1=" " ind2=" ">
    <marc:subfield code="a">0158987CERCER</marc:subfield>
  </marc:datafield>
  <marc:datafield tag="041" ind1=" " ind2=" ">
    <marc:subfield code="a">eng</marc:subfield>
  </marc:datafield>
  <marc:datafield tag="041" ind1=" " ind2=" ">
    <marc:subfield code="a">fre</marc:subfield>
  </marc:datafield>
  <marc:datafield tag="080" ind1=" " ind2=" ">
    <marc:subfield code="a">517.44</marc:subfield>
  </marc:datafield>
  <marc:datafield tag="111" ind1=" " ind2=" ">
    <marc:subfield code="9">19920608</marc:subfield>
    <marc:subfield code="a">Conference on Progress in Wavelet Analysis and Applications</marc:subfield>
    <marc:subfield code="c">Toulouse, France</marc:subfield>
    <marc:subfield code="d">8 - 13 Jun 1992</marc:subfield>
    <marc:subfield code="f">1992</marc:subfield>
    <marc:subfield code="g">toulouse920608</marc:subfield>
  </marc:datafield>
  <marc:datafield tag="260" ind1=" " ind2=" ">
    <marc:subfield code="a">Gif-sur-Yvette</marc:subfield>
    <marc:subfield code="b">Ed. Frontières</marc:subfield>
    <marc:subfield code="c">1993</marc:subfield>
  </marc:datafield>
  <marc:datafield tag="300" ind1=" " ind2=" ">
    <marc:subfield code="a">785 p</marc:subfield>
  </marc:datafield>
  <marc:datafield tag="340" ind1=" " ind2=" ">
    <marc:subfield code="a">paper</marc:subfield>
  </marc:datafield>
  <marc:datafield tag="650" ind1="1" ind2="7">
    <marc:subfield code="2">SzGeCERN</marc:subfield>
    <marc:subfield code="a">Mathematical Physics and Mathematics</marc:subfield>
  </marc:datafield>
  <marc:datafield tag="650" ind1="2" ind2="7">
    <marc:subfield code="2">SzGeCERN</marc:subfield>
    <marc:subfield code="a">Conference</marc:subfield>
  </marc:datafield>
  <marc:datafield tag="653" ind1="1" ind2=" ">
    <marc:subfield code="9">CERN</marc:subfield>
    <marc:subfield code="a">economic applications</marc:subfield>
  </marc:datafield>
  <marc:datafield tag="653" ind1="1" ind2=" ">
    <marc:subfield code="9">CERN</marc:subfield>
    <marc:subfield code="a">fractals</marc:subfield>
  </marc:datafield>
  <marc:datafield tag="653" ind1="1" ind2=" ">
    <marc:subfield code="9">CERN</marc:subfield>
    <marc:subfield code="a">geophysics</marc:subfield>
  </marc:datafield>
  <marc:datafield tag="653" ind1="1" ind2=" ">
    <marc:subfield code="9">CERN</marc:subfield>
    <marc:subfield code="a">medical applications</marc:subfield>
  </marc:datafield>
  <marc:datafield tag="653" ind1="1" ind2=" ">
    <marc:subfield code="9">CERN</marc:subfield>
    <marc:subfield code="a">signal processing</marc:subfield>
  </marc:datafield>
  <marc:datafield tag="653" ind1="1" ind2=" ">
    <marc:subfield code="9">CERN</marc:subfield>
    <marc:subfield code="a">statistics</marc:subfield>
  </marc:datafield>
  <marc:datafield tag="653" ind1="1" ind2=" ">
    <marc:subfield code="9">CERN</marc:subfield>
    <marc:subfield code="a">time-frequency algorithms</marc:subfield>
  </marc:datafield>
  <marc:datafield tag="653" ind1="1" ind2=" ">
    <marc:subfield code="9">CERN</marc:subfield>
    <marc:subfield code="a">turbulence</marc:subfield>
  </marc:datafield>
  <marc:datafield tag="653" ind1="1" ind2=" ">
    <marc:subfield code="9">CERN</marc:subfield>
    <marc:subfield code="a">wavelets</marc:subfield>
  </marc:datafield>
  <marc:datafield tag="690" ind1="C" ind2=" ">
    <marc:subfield code="a">CONFERENCE</marc:subfield>
  </marc:datafield>
  <marc:datafield tag="690" ind1="C" ind2=" ">
    <marc:subfield code="a">PROCEEDINGS</marc:subfield>
  </marc:datafield>
  <marc:datafield tag="700" ind1=" " ind2=" ">
    <marc:subfield code="a">Meyer, Yves</marc:subfield>
    <marc:subfield code="e">ed.</marc:subfield>
  </marc:datafield>
  <marc:datafield tag="700" ind1=" " ind2=" ">
    <marc:subfield code="a">Roques, Sylvie</marc:subfield>
    <marc:subfield code="e">ed.</marc:subfield>
  </marc:datafield>
  <marc:datafield tag="711" ind1=" " ind2=" ">
    <marc:subfield code="a">Progress in Wavelet Analysis and Applications</marc:subfield>
    <marc:subfield code="c">Toulouse, France</marc:subfield>
  </marc:datafield>
  <marc:datafield tag="852" ind1=" " ind2=" ">
    <marc:subfield code="c">CERN Central Library</marc:subfield>
    <marc:subfield code="h">Toulouse 1992</marc:subfield>
  </marc:datafield>
  <marc:datafield tag="916" ind1=" " ind2=" ">
    <marc:subfield code="a">d</marc:subfield>
    <marc:subfield code="s">h</marc:subfield>
    <marc:subfield code="w">199247</marc:subfield>
  </marc:datafield>
  <marc:datafield tag="960" ind1=" " ind2=" ">
    <marc:subfield code="a">42</marc:subfield>
  </marc:datafield>
  <marc:datafield tag="961" ind1=" " ind2=" ">
    <marc:subfield code="c">20070922</marc:subfield>
    <marc:subfield code="h">0019</marc:subfield>
    <marc:subfield code="l">CER01</marc:subfield>
    <marc:subfield code="x">19921119</marc:subfield>
  </marc:datafield>
  <marc:datafield tag="963" ind1=" " ind2=" ">
    <marc:subfield code="a">PUBLIC</marc:subfield>
  </marc:datafield>
  <marc:datafield tag="970" ind1=" " ind2=" ">
    <marc:subfield code="a">000158987CER</marc:subfield>
  </marc:datafield>
  <marc:datafield tag="980" ind1=" " ind2=" ">
    <marc:subfield code="a">PROCEEDINGS</marc:subfield>
  </marc:datafield>
  <marc:datafield tag="964" ind1=" " ind2=" ">
    <marc:subfield code="a">0001</marc:subfield>
  </marc:datafield>
</marc:record>
</metadata></record>