<record><header><identifier>oai:cds.cern.ch:243622</identifier><datestamp>2008-10-28T03:48:50Z</datestamp><setSpec>cerncds:TALK</setSpec><setSpec>cerncds:CONF</setSpec></header><metadata><marc:record xmlns:marc="http://www.loc.gov/MARC21/slim" xmlns:xsi="http://www.w3.org/2001/XMLSchema-instance" xsi:schemaLocation="http://www.loc.gov/MARC21/slim http://www.loc.gov/standards/marcxml/schema/MARC21slim.xsd" type="Bibliographic">
     <marc:leader>00000coc  2200000uu 4500</marc:leader>
  <marc:controlfield tag="001">243622</marc:controlfield>
  <marc:controlfield tag="003">SzGeCERN</marc:controlfield>
  <marc:controlfield tag="005">20130322235501.0</marc:controlfield>
  <marc:datafield tag="024" ind1="8" ind2=" ">
    <marc:subfield code="a">oai:cds.cern.ch:243622</marc:subfield>
    <marc:subfield code="p">cerncds:CONF</marc:subfield>
    <marc:subfield code="p">cerncds:TALK</marc:subfield>
  </marc:datafield>
  <marc:datafield tag="035" ind1=" " ind2=" ">
    <marc:subfield code="a">0159383CERCER</marc:subfield>
  </marc:datafield>
  <marc:datafield tag="041" ind1=" " ind2=" ">
    <marc:subfield code="a">eng</marc:subfield>
  </marc:datafield>
  <marc:datafield tag="111" ind1=" " ind2=" ">
    <marc:subfield code="9">19921026</marc:subfield>
    <marc:subfield code="a">39th IEEE Nuclear Science Symposium</marc:subfield>
    <marc:subfield code="c">Kissimmee, FL, USA</marc:subfield>
    <marc:subfield code="d">26 - 31 Oct 1992</marc:subfield>
    <marc:subfield code="f">1992</marc:subfield>
    <marc:subfield code="g">kissimmee921026</marc:subfield>
    <marc:subfield code="n">39</marc:subfield>
  </marc:datafield>
  <marc:datafield tag="260" ind1=" " ind2=" ">
    <marc:subfield code="c">1992</marc:subfield>
  </marc:datafield>
  <marc:datafield tag="650" ind1="1" ind2="7">
    <marc:subfield code="2">SzGeCERN</marc:subfield>
    <marc:subfield code="a">Nuclear Physics</marc:subfield>
  </marc:datafield>
  <marc:datafield tag="650" ind1="2" ind2="7">
    <marc:subfield code="2">SzGeCERN</marc:subfield>
    <marc:subfield code="a">Symposium</marc:subfield>
  </marc:datafield>
  <marc:datafield tag="653" ind1="1" ind2=" ">
    <marc:subfield code="9">CERN</marc:subfield>
    <marc:subfield code="a">NSS92</marc:subfield>
  </marc:datafield>
  <marc:datafield tag="690" ind1="C" ind2=" ">
    <marc:subfield code="a">ANNOUNCEMENT</marc:subfield>
  </marc:datafield>
  <marc:datafield tag="690" ind1="C" ind2=" ">
    <marc:subfield code="a">CONFERENCE</marc:subfield>
  </marc:datafield>
  <marc:datafield tag="711" ind1=" " ind2=" ">
    <marc:subfield code="a">NSS '92</marc:subfield>
  </marc:datafield>
  <marc:datafield tag="916" ind1=" " ind2=" ">
    <marc:subfield code="s">n</marc:subfield>
    <marc:subfield code="w">199247</marc:subfield>
  </marc:datafield>
  <marc:datafield tag="960" ind1=" " ind2=" ">
    <marc:subfield code="a">41</marc:subfield>
  </marc:datafield>
  <marc:datafield tag="961" ind1=" " ind2=" ">
    <marc:subfield code="c">20081027</marc:subfield>
    <marc:subfield code="h">1732</marc:subfield>
    <marc:subfield code="l">CER01</marc:subfield>
    <marc:subfield code="x">19921126</marc:subfield>
  </marc:datafield>
  <marc:datafield tag="963" ind1=" " ind2=" ">
    <marc:subfield code="a">PUBLIC</marc:subfield>
  </marc:datafield>
  <marc:datafield tag="970" ind1=" " ind2=" ">
    <marc:subfield code="a">000159383CER</marc:subfield>
  </marc:datafield>
  <marc:datafield tag="980" ind1=" " ind2=" ">
    <marc:subfield code="a">ANNOUNCEMENT</marc:subfield>
  </marc:datafield>
</marc:record>
</metadata></record><record><header status="deleted"><identifier>oai:cds.cern.ch:243623</identifier><datestamp>2016-07-12T08:31:17Z</datestamp></header></record><record><header status="deleted"><identifier>oai:cds.cern.ch:243624</identifier><datestamp>2016-07-12T08:31:17Z</datestamp></header></record><record><header status="deleted"><identifier>oai:cds.cern.ch:243625</identifier><datestamp>2016-07-12T08:31:18Z</datestamp></header></record><record><header status="deleted"><identifier>oai:cds.cern.ch:243626</identifier><datestamp>2016-07-12T08:31:18Z</datestamp></header></record><record><header status="deleted"><identifier>oai:cds.cern.ch:243628</identifier><datestamp>2016-07-12T08:31:15Z</datestamp></header></record><record><header status="deleted"><identifier>oai:cds.cern.ch:243629</identifier><datestamp>2016-07-12T08:31:18Z</datestamp></header></record><record><header status="deleted"><identifier>oai:cds.cern.ch:243631</identifier><datestamp>2016-07-12T08:31:18Z</datestamp></header></record><record><header status="deleted"><identifier>oai:cds.cern.ch:243632</identifier><datestamp>2016-07-12T08:31:18Z</datestamp></header></record><record><header status="deleted"><identifier>oai:cds.cern.ch:243633</identifier><datestamp>2016-07-12T08:31:18Z</datestamp></header></record><record><header status="deleted"><identifier>oai:cds.cern.ch:243634</identifier><datestamp>2016-07-12T08:31:18Z</datestamp></header></record><record><header status="deleted"><identifier>oai:cds.cern.ch:243635</identifier><datestamp>2016-07-12T08:31:18Z</datestamp></header></record><record><header status="deleted"><identifier>oai:cds.cern.ch:243636</identifier><datestamp>2016-07-12T08:31:18Z</datestamp></header></record><record><header status="deleted"><identifier>oai:cds.cern.ch:243638</identifier><datestamp>2016-07-12T08:32:11Z</datestamp></header></record>