<record><header><identifier>oai:cds.cern.ch:244057</identifier><datestamp>2006-07-09T02:07:47Z</datestamp><setSpec>cerncds:TALK</setSpec><setSpec>cerncds:CONF</setSpec></header><metadata><marc:record xmlns:marc="http://www.loc.gov/MARC21/slim" xmlns:xsi="http://www.w3.org/2001/XMLSchema-instance" xsi:schemaLocation="http://www.loc.gov/MARC21/slim http://www.loc.gov/standards/marcxml/schema/MARC21slim.xsd" type="Bibliographic">
     <marc:leader>00000coc  2200000uu 4500</marc:leader>
  <marc:controlfield tag="001">244057</marc:controlfield>
  <marc:controlfield tag="003">SzGeCERN</marc:controlfield>
  <marc:controlfield tag="005">20130322235513.0</marc:controlfield>
  <marc:datafield tag="024" ind1="8" ind2=" ">
    <marc:subfield code="a">oai:cds.cern.ch:244057</marc:subfield>
    <marc:subfield code="p">cerncds:CONF</marc:subfield>
    <marc:subfield code="p">cerncds:TALK</marc:subfield>
  </marc:datafield>
  <marc:datafield tag="035" ind1=" " ind2=" ">
    <marc:subfield code="a">0159984CERCER</marc:subfield>
  </marc:datafield>
  <marc:datafield tag="041" ind1=" " ind2=" ">
    <marc:subfield code="a">eng</marc:subfield>
  </marc:datafield>
  <marc:datafield tag="111" ind1=" " ind2=" ">
    <marc:subfield code="9">19920401</marc:subfield>
    <marc:subfield code="a">5th IMSL User Group Europe conference</marc:subfield>
    <marc:subfield code="c">Munich, Germany</marc:subfield>
    <marc:subfield code="d">1 Apr 1992</marc:subfield>
    <marc:subfield code="f">1992</marc:subfield>
    <marc:subfield code="g">munich920401</marc:subfield>
    <marc:subfield code="n">5</marc:subfield>
  </marc:datafield>
  <marc:datafield tag="260" ind1=" " ind2=" ">
    <marc:subfield code="c">1992</marc:subfield>
  </marc:datafield>
  <marc:datafield tag="650" ind1="1" ind2="7">
    <marc:subfield code="2">SzGeCERN</marc:subfield>
    <marc:subfield code="a">Nuclear Physics</marc:subfield>
  </marc:datafield>
  <marc:datafield tag="650" ind1="2" ind2="7">
    <marc:subfield code="2">SzGeCERN</marc:subfield>
    <marc:subfield code="a">Conference</marc:subfield>
  </marc:datafield>
  <marc:datafield tag="653" ind1="1" ind2=" ">
    <marc:subfield code="9">CERN</marc:subfield>
    <marc:subfield code="a">5</marc:subfield>
  </marc:datafield>
  <marc:datafield tag="690" ind1="C" ind2=" ">
    <marc:subfield code="a">ANNOUNCEMENT</marc:subfield>
  </marc:datafield>
  <marc:datafield tag="690" ind1="C" ind2=" ">
    <marc:subfield code="a">CONFERENCE</marc:subfield>
  </marc:datafield>
  <marc:datafield tag="711" ind1=" " ind2=" ">
    <marc:subfield code="a">5th IMSL User Group Europe conference</marc:subfield>
  </marc:datafield>
  <marc:datafield tag="916" ind1=" " ind2=" ">
    <marc:subfield code="s">n</marc:subfield>
    <marc:subfield code="w">199250</marc:subfield>
  </marc:datafield>
  <marc:datafield tag="960" ind1=" " ind2=" ">
    <marc:subfield code="a">41</marc:subfield>
  </marc:datafield>
  <marc:datafield tag="961" ind1=" " ind2=" ">
    <marc:subfield code="c">20060708</marc:subfield>
    <marc:subfield code="h">0009</marc:subfield>
    <marc:subfield code="l">CER01</marc:subfield>
    <marc:subfield code="x">19921211</marc:subfield>
  </marc:datafield>
  <marc:datafield tag="963" ind1=" " ind2=" ">
    <marc:subfield code="a">PUBLIC</marc:subfield>
  </marc:datafield>
  <marc:datafield tag="970" ind1=" " ind2=" ">
    <marc:subfield code="a">000159984CER</marc:subfield>
  </marc:datafield>
  <marc:datafield tag="980" ind1=" " ind2=" ">
    <marc:subfield code="a">ANNOUNCEMENT</marc:subfield>
  </marc:datafield>
</marc:record>
</metadata></record>